@IEEEtranBSTCTL{IEEEexample:BSTcontrol,
    CTLuse_article_number = "yes",
    CTLuse_paper = "yes",
    CTLuse_url = "yes",
    CTLuse_forced_etal = "no",
    CTLmax_names_forced_etal = "10",
    CTLnames_show_etal = "1",
    CTLuse_alt_spacing = "yes",
    CTLalt_stretch_factor = "4",
    CTLdash_repeated_names = "no",
    CTLname_format_string = "{f.˜}{vv˜}{ll}{, jj}",
    CTLname_latex_cmd = "",
    CTLname_url_prefix = "[Online]. Available:"
}


@InCollection{StanfordHum:2016,
	author       =	{Morreall, John},
	title        =	{Philosophy of Humor},
	booktitle    =	{The Stanford Encyclopedia of Philosophy},
	editor       =	{Edward N. Zalta},
	howpublished =	{\url{https://plato.stanford.edu/archives/win2016/entries/humor/}},
	year         =	{2016},
	edition      =	{Winter 2016},
	publisher    =	{Metaphysics Research Lab, Stanford University}
}

@article{DesignExBeh:2017,
  title={Designing Expressive Behaviors to Improve Human-Robot Relationships},
  author={Anand, Sahil and Luetke, John and Venkatesh, Nikhil and Wong, Dorothy},
  journal={World Academy of Science, Engineering and Technology, International Journal of Mechanical and Mechatronics Engineering},
  volume={4},
  number={8},
  year={2017}
}


@inproceedings{KatevasRobot:2014,
  title={Robot stand-up: engineering a comic performance},
  author={Katevas, Kleomenis and Healey, Patrick GT and Harris, Matthew Tobias},
  booktitle={Proceedings of the Workshop on Humanoid Robots and Creativity at the IEEE-RAS International Conference on Humanoid Robots Humanoids (Madrid)},
  year={2014},
}

@inproceedings{RobotsMakeThings:2008,
  title={Robots Make Things Funnier.},
  author={Sj{\"o}bergh, Jonas and Araki, Kenji},
  booktitle={JSAI},
  pages={306--313},
  year={2008},
  organization={Springer}
}

@article{RobotComedyLab:2015,
  title={Robot Comedy Lab: experimenting with the social dynamics of live performance},
  author={Katevas, Kleomenis and Healey, Patrick GT and Harris, Matthew Tobias},
  journal={Frontiers in psychology},
  volume={6},
  year={2015},
  publisher={Frontiers Media SA}
}

@inproceedings{KnightEightLessons:2011,
  title={Eight lessons learned about non-verbal interactions through robot theater},
  author={Knight, Heather},
  booktitle={International Conference on Social Robotics},
  pages={42--51},
  year={2011},
  organization={Springer}
}

@inproceedings{KnightSavvy:2011,
  title={A savvy robot standup comic: Online learning through audience tracking},
  author={Knight, Heather and Satkin, Scott and Ramakrishna, Varun and Divvala, Santosh},
  booktitle={Workshop paper (TEI'10)},
  year={2011}
}
