@misc{windyMap,
    author = {Windy.com},
    title = {Windy: Sea temperature},
    howpublished = {\url{www.windy.com}},
    month = {},
    year = {},
    note = "{Accessed: 11.02.2018}",
    year = {2018}
}

@misc{noaa,
    author = "{National Oceanic and Atmospheric Administration Fisheries}",
    title = "{Olive Ridley Turtles}",
    howpublished  = "\url{https://www.fisheries.noaa.gov/species/olive-ridley-turtle}",
    note = "Accessed: 10.28.2018",
    year = ""
}

@misc{noaa2,
    author = "{National Oceanic and Atmospheric Administration}",
    title = "{National Oceanic and Atmospheric Administration}",
    howpublished  = "\url{https://www.noaa.gov/}",
    note = "Accessed: 10.28.2018",
    year = ""
}

@misc{nanoos,
    author = "{Northwest Association of Networked Ocean Observation Systems (NANOOS)}",
    title = "{NANOOS}",
    howpublished  = "\url{http://www.nanoos.org/home.php}",
    note = "Accessed: 10.28.2018",
    year = ""
}

@misc{arcgis,
    author = "{ArcGIS}",
    title = "{ArcGIS | Main}",
    howpublished  = "\url{https://www.arcgis.com/index.html}",
    note = "Accessed: 10.28.2018",
    year = ""
}

@misc{mmi,
    author = "{Oregon State University Marine Mammal Institute}",
    title = "{Oregon Marine Mammal Stranding Network}",
    howpublished  = "\url{https://mmi.oregonstate.edu/ommsn}",
    note = "Accessed: 10.28.2018",
    year = ""
}

@misc{ssa,
    author = "{Seaside Aquarium}",
    title = "{SEASIDE AQUARIUM}",
    howpublished  = "\url{http://www.seasideaquarium.com/}",
    note = "Accessed: 10.28.2018",
    year = ""
}

@misc{nvs,
    author = "{NANOOS Visualization System (NVS)}",
    title = "{NVS: Tuna Fishers}",
    howpublished  = "\url{http://nvs.nanoos.org/TunaFish}",
    note = "Accessed: 10.28.2018",
    year = ""
}

@misc{cw,
    author = "{Oregon Shores Conservation Coalition}",
    title = "{Coastwatch | Oregon Shores}",
    howpublished  = "\url{https://oregonshores.org/coastwatch}",
    note = "Accessed: 10.28.2018",
    year = ""
}

@misc{usfws,
    author = "{U.S. Fish and Wildlife Service}",
    title = "{Oregon Fish and Wildlife Office - Newport Field Office}",
    howpublished  = "\url{https://www.fws.gov/oregonfwo/promo.cfm?id=177175715}",
    note = "Accessed: 10.28.2018",
    year = ""
}

@misc{2008Gfed,
series = {Innovations in GIS},
abstract = {Discussing the use and importance of GIS data in environmental policy decisions, this title highlights innovations related to sources of data, advancements in analytical techniques, and involvement in public communication and participative processes.},
publisher = {CRC Press},
isbn = {9780849374234},
year = {2008},
title = {GIS for environmental decision-making},
language = {eng},
address = {Boca Raton},
keywords = {Environmental policy -- Decision making -- Equipment and supplies -- Congresses; Environmental sciences -- Information technology -- Congresses; Geographic information systems -- Congresses; Environmental monitoring -- Data processing -- Congresses},
organization = {National Conference on GIS Research UK (12th : 2004 : Norwich, England)},
lccn = {2007034392},
author = "Lovett, Andrew A. and Appleton, Katy"
}