@MISC{BEACHED-MARINE,
	HOWPUBLISHED = "\url{http://beachedmarinecritters.org/?page_id=479}",
	TITLE = "Data",
	MONTH = "Dec",
	YEAR = "2015",
	NOTE = "Accessed on 2018-10-18"
}
