@MISC{ARCGIS-WIKIPEDIA,
	HOWPUBLISHED = "\url{https://en.wikipedia.org/wiki/ArcGIS}",
	TITLE = "ArcGIS",
	MONTH = "Sep",
	YEAR = "2018",
	NOTE = "Accessed on 2018-10-29"
}

@MISC{QGIS-WIKIPEDIA,
	HOWPUBLISHED = "\url{https://en.wikipedia.org/wiki/QGIS}",
	TITLE = "QGIS",
	MONTH = "Oct",
	YEAR = "2018",
	NOTE = "Accessed on 2018-10-29"
}

@MISC{GRASS-WIKIPEDIA,
	HOWPUBLISHED = "\url{https://en.wikipedia.org/wiki/GRASS_GIS}",
	TITLE = "GRASS GIS",
	MONTH = "Oct",
	YEAR = "2018",
	NOTE = "Accessed on 2018-10-29"
}

@MISC{BEACHED-MARINE,
	HOWPUBLISHED = "\url{http://beachedmarinecritters.org/?page_id=479}",
	TITLE = "Data",
	MONTH = "Dec",
	YEAR = "2015",
	NOTE = "Accessed on 2018-10-29"
}

@MISC{ArcGIS,
	HOWPUBLISHED = "\url{https://www.esri.com/en-us/industries/sustainability/segments/conservation}",
	TITLE = "Conservation",
	NOTE = "Accessed on 2018-10-29"
}