@misc{windyMap,
    author = {Windy.com},
    title = {Windy: Sea temperature},
    howpublished = {\url{www.windy.com}},
    month = {},
    year = {},
    note = "{Accessed: 11.02.2018}",
    year = {2018}
}

@misc{noaa,
    author = "{National Oceanic and Atmospheric Administration Fisheries}",
    title = "{Olive Ridley Turtles}",
    howpublished  = "\url{https://www.fisheries.noaa.gov/species/olive-ridley-turtle}",
    note = "Accessed: 10.28.2018",
    year = ""
}

@misc{noaa2,
    author = "{National Oceanic and Atmospheric Administration}",
    title = "{National Oceanic and Atmospheric Administration}",
    howpublished  = "\url{https://www.noaa.gov/}",
    note = "Accessed: 10.28.2018",
    year = ""
}

@misc{nanoos,
    author = "{Northwest Association of Networked Ocean Observation Systems (NANOOS)}",
    title = "{NANOOS}",
    howpublished  = "\url{http://www.nanoos.org/home.php}",
    note = "Accessed: 10.28.2018",
    year = ""
}

@misc{arcgis,
    author = "{ArcGIS}",
    title = "{ArcGIS | Main}",
    howpublished  = "\url{https://www.arcgis.com/index.html}",
    note = "Accessed: 10.28.2018",
    year = ""
}

@misc{mmi,
    author = "{Oregon State University Marine Mammal Institute}",
    title = "{Oregon Marine Mammal Stranding Network}",
    howpublished  = "\url{https://mmi.oregonstate.edu/ommsn}",
    note = "Accessed: 10.28.2018",
    year = ""
}

@misc{ssa,
    author = "{Seaside Aquarium}",
    title = "{SEASIDE AQUARIUM}",
    howpublished  = "\url{http://www.seasideaquarium.com/}",
    note = "Accessed: 10.28.2018",
    year = ""
}

@misc{nvs,
    author = "{NANOOS Visualization System (NVS)}",
    title = "{NVS: Tuna Fishers}",
    howpublished  = "\url{http://nvs.nanoos.org/TunaFish}",
    note = "Accessed: 10.28.2018",
    year = ""
}

@misc{cw,
    author = "{Oregon Shores Conservation Coalition}",
    title = "{Coastwatch | Oregon Shores}",
    howpublished  = "\url{https://oregonshores.org/coastwatch}",
    note = "Accessed: 10.28.2018",
    year = ""
}

@misc{usfws,
    author = "{U.S. Fish and Wildlife Service}",
    title = "{Oregon Fish and Wildlife Office - Newport Field Office}",
    howpublished  = "\url{https://www.fws.gov/oregonfwo/promo.cfm?id=177175715}",
    note = "Accessed: 10.28.2018",
    year = ""
}

@misc{2008Gfed,
series = {Innovations in GIS},
abstract = {Discussing the use and importance of GIS data in environmental policy decisions, this title highlights innovations related to sources of data, advancements in analytical techniques, and involvement in public communication and participative processes.},
publisher = {CRC Press},
isbn = {9780849374234},
year = {2008},
title = {GIS for environmental decision-making},
language = {eng},
address = {Boca Raton},
keywords = {Environmental policy -- Decision making -- Equipment and supplies -- Congresses; Environmental sciences -- Information technology -- Congresses; Geographic information systems -- Congresses; Environmental monitoring -- Data processing -- Congresses},
organization = {National Conference on GIS Research UK (12th : 2004 : Norwich, England)},
lccn = {2007034392},
author = "Lovett, Andrew A. and Appleton, Katy"
}
@misc{jpl,
    author = "{Earth Space Research (ESR)}",
    title = "{Ocean Surface Current Analysis Real-Time (OSCAR) 1 degree ocean surface currents. Version 1.}",
    publisher = "{Physical Oceanography Distributed Active Archive Center (PO.DAAC)}",
    url  = "http://dx.doi.org/10.5067/OSCAR-10D01",
    year = "2007",
    address = "California, USA",
    note = "Accessed: 2.14.2019"
}

@misc{noaa1,
    author = "{National Centers for Environmental Information; Cooperative Institute for Research in
Environmental Sciences, University of Colorado; Research Data Archive,
Computational and Information Systems Laboratory, National Center for Atmospheric
Research, University Corporation for Atmospheric Research; Earth System Research
Laboratory, NOAA, U.S. Department of Commerce; NERC National Oceanography
Centre, Natural Environment Research Council, United Kingdom; Met Office, Ministry
of Defence, United Kingdom; Deutscher Wetterdienst (German Meteorological
Service), Germany; University of Washington, Department of Atmospheric Science;
Center for Ocean-Atmospheric Prediction Studies, Florida State University}",
    year = "2016",
    title = "{International Comprehensive Ocean-Atmosphere Data Set (ICOADS) with Enhanced Trimming, Release 3.}",
    publisher = "{NOAA National Centers for
Environmental Information}",
    url = "https://doi.org/10.5065/D6ZS2TR3",
    address = "{Boulder, CO}",
    note = "Accessed: 1.15.2019"
}
@Article{sst,
    AUTHOR = {Banzon, V. and Smith, T. M. and Chin, T. M. and Liu, C. and Hankins, W.},
    TITLE = {A long-term record of blended satellite and in situ sea-surface temperature for climate monitoring, modeling and environmental studies},
    JOURNAL = {Earth System Science Data},
    VOLUME = {8},
    YEAR = {2016},
    NUMBER = {1},
    PAGES = {165--176},
    URL = {https://www.earth-syst-sci-data.net/8/165/2016/},
    DOI = {10.5194/essd-8-165-2016}
}
@Article{rest,
    author = "{Kalnay et al.}",
    title = "{The NCEP/NCAR 40-year reanalysis project}",
    JOURNAL = {Bulletin of the American Meteorological Society},
    VOLUME = {77},
    NUMBER = {1},
    pages = {437--470},
    year = {1996},
    url = "https://www.esrl.noaa.gov/psd/"
}
@misc{2008Gfed,
series = {Innovations in GIS},
abstract = {Discussing the use and importance of GIS data in environmental policy decisions, this title highlights innovations related to sources of data, advancements in analytical techniques, and involvement in public communication and participative processes.},
publisher = {CRC Press},
isbn = {9780849374234},
year = {2008},
title = {GIS for environmental decision-making},
language = {eng},
address = {Boca Raton},
keywords = {Environmental policy -- Decision making -- Equipment and supplies -- Congresses; Environmental sciences -- Information technology -- Congresses; Geographic information systems -- Congresses; Environmental monitoring -- Data processing -- Congresses},
organization = {National Conference on GIS Research UK (12th : 2004 : Norwich, England)},
lccn = {2007034392},
}