@misc{jpl,
    author = "{Earth Space Research (ESR)}",
    title = "{Ocean Surface Current Analysis Real-Time (OSCAR) 1 degree ocean surface currents. Version 1.}",
    publisher = "{Physical Oceanography Distributed Active Archive Center (PO.DAAC)}",
    url  = "http://dx.doi.org/10.5067/OSCAR-10D01",
    year = "2007",
    address = "California, USA",
    note = "Accessed: 2.14.2019"
}

@misc{noaa,
    author = "{National Centers for Environmental Information; Cooperative Institute for Research in
Environmental Sciences, University of Colorado; Research Data Archive,
Computational and Information Systems Laboratory, National Center for Atmospheric
Research, University Corporation for Atmospheric Research; Earth System Research
Laboratory, NOAA, U.S. Department of Commerce; NERC National Oceanography
Centre, Natural Environment Research Council, United Kingdom; Met Office, Ministry
of Defence, United Kingdom; Deutscher Wetterdienst (German Meteorological
Service), Germany; University of Washington, Department of Atmospheric Science;
Center for Ocean-Atmospheric Prediction Studies, Florida State University}",
    year = "2016",
    title = "{International Comprehensive Ocean-Atmosphere Data Set (ICOADS) with Enhanced Trimming, Release 3.}",
    publisher = "{NOAA National Centers for
Environmental Information}",
    url = "https://doi.org/10.5065/D6ZS2TR3",
    address = "{Boulder, CO}",
    note = "Accessed: 1.15.2019"
}
@Article{sst,
    AUTHOR = {Banzon, V. and Smith, T. M. and Chin, T. M. and Liu, C. and Hankins, W.},
    TITLE = {A long-term record of blended satellite and in situ sea-surface temperature for climate monitoring, modeling and environmental studies},
    JOURNAL = {Earth System Science Data},
    VOLUME = {8},
    YEAR = {2016},
    NUMBER = {1},
    PAGES = {165--176},
    URL = {https://www.earth-syst-sci-data.net/8/165/2016/},
    DOI = {10.5194/essd-8-165-2016}
}
@Article{rest,
    author = "{Kalnay et al.}",
    title = "{The NCEP/NCAR 40-year reanalysis project}",
    JOURNAL = {Bulletin of the American Meteorological Society},
    VOLUME = {77},
    NUMBER = {1},
    pages = {437--470},
    year = {1996},
    url = "https://www.esrl.noaa.gov/psd/"
}