@misc{pythonwebsite,
author = {Python Software Foundation},
title = {What is Python? Executive Summary},
howpublished = {\url{https://www.python.org/doc/essays/blurb/}},
month = {},
year = {},
note = {(Accessed on 11/2/2018)}
}

@misc{pythonproscons,
author = {Amine Sahouane},
title = {The pros and cons of Python},
howpublished = {\url{https://www.supinfo.com/articles/single/3425-the-pros-and-cons-of-python}},
month = {October},
year = {2016},
note = {(Accessed on 11/2/2018)}
}

@misc{pythongis,
author = {Caitlin Dempsey},
title = {Python and GIS Resources},
howpublished = {\url{https://www.gislounge.com/python-and-gis-resources/}},
month = {March},
year = {2017},
note = {(Accessed on 11/2/2018)}
}

@misc{javascriptsite,
author = {MDN web docs},
title = {What is JavaScript?},
howpublished = {\url{https://developer.mozilla.org/en-US/docs/Learn/JavaScript/First_steps/What_is_JavaScript}},
month = {},
year = {},
note = {(Accessed on 11/2/2018)}
}

@misc{javascriptgis,
author = {Muthukumar Kumar},
title = {JavaScript for Geospatial applications: An Overview},
howpublished = {\url{http://geoawesomeness.com/javascript-for-geospatial-applications-an-overview/}},
month = {September},
year = {2014},
note = {(Accessed on 11/2/2018)}
}

@misc{cppsite,
author = {},
title = {Pros and Cons of C++},
howpublished = {\url{http://www.personal.psu.edu/esa5081/assignment6/}},
month = {},
year = {},
note = {(Accessed on 11/2/2018)}
}

@misc{cppproscons,
author = {Techopedia},
title = {C++ Programming Language},
howpublished = {\url{https://www.techopedia.com/definition/26184/c-programming-language}},
month = {},
year = {},
note = {(Accessed on 11/2/2018)}
}

@misc{cppgis,
author = {Caitlin Dempsey},
title = {C and C++ Programming},
howpublished = {\url{https://www.gislounge.com/c-and-c-programming/}},
month = {January},
year = {2010},
note = {(Accessed on 11/2/2018)}
}

@misc{sqlsite,
author = {Martin Heller},
title = {What is SQL? Stucured Query Language explained},
howpublished = {\url{https://www.infoworld.com/article/3219795/sql/what-is-sql-structured-query-language-explained.html}},
month = {August},
year = {2017},
note = {(Accessed on 11/2/2018)}
}

@misc{excelsite,
author = {Ted French},
title = {How to Create a Database in Excel},
howpublished = {\url{https://www.lifewire.com/create-a-database-in-excel-3123446}},
month = {August},
year = {2018},
note = {(Accessed on 11/2/2018)}
}

@misc{oraclesite,
author = {Oracle Help Center},
title = {Database Concepts},
howpublished = {\url{https://docs.oracle.com/cd/B19306_01/server.102/b14220/intro.htm}},
month = {},
year = {},
note = {(Accessed on 11/2/2018)}
}

@misc{downloadsite,
author = {Jennifer Kyrnin},
title = {How to Create a Download Link},
howpublished = {\url{https://www.lifewire.com/how-to-create-download-link-3466525}},
month = {October},
year = {2018},
note = {(Accessed on 11/2/2018)}
}
